@inproceedings{prog-gen,
  title={ProgGen: Generating Named Entity Recognition Datasets Step-by-step with Self-Reflexive Large Language Models},
  author={\ul{Heng, Yuzhao}  and
    Deng, Chunyuan  and
    Li, Yitong  and
    Yu, Yue  and
    Li, Yinghao  and
    Zhang, Rongzhi  and
    Zhang, Chao},
  booktitle={Annual Meeting of the Association for Computational Linguistics (ACL) Findings},
  year={2024},
  keywords={accepted}
}

@inproceedings{data-con,
    title={Unveiling the Spectrum of Data Contamination in Language Model: A Survey from Detection to Remediation},
    author={Deng, Chunyuan  and
      Zhao, Yilun  and
      \ul{Yuzhao Heng}  and
      Li, Yitong  and
      Cao, Jiannan  and
      Tang, Xiangru  and
      Cohan, Arman},
    booktitle={Annual Meeting of the Association for Computational Linguistics (ACL) Findings},
    year={2024},
    keywords={accepted}
}

@misc{peft-u,
    title={PEFT-U: Parameter-Efficient Fine-Tuning for User Personalization},
    author={Christopher Clarke and \ul{Yuzhao Heng} and Lingjia Tang and Jason Mars},
    year={2024},
    eprint={2407.18078},
    archivePrefix={arXiv},
    primaryClass={cs.CL},
    keywords={preprint}
}

@inproceedings{zs-cls,
  title={Label Agnostic Pre-training for Zero-shot Text Classification},
  author={Clarke, Christopher and \ul{Yuzhao Heng} and Kang, Yiping and Flautner, Krisztian and Tang, Lingjia and Mars, Jason},
  booktitle={Annual Meeting of the Association for Computational Linguistics (ACL) Findings},
  year={2023},
  keywords={accepted}
}
